<record><leader>00000cas a2200000   4500</leader><controlfield tag="001">6579160</controlfield><controlfield tag="008">800802c19399999lauwn ne     s0   a0eng d</controlfield><datafield ind1=" " ind2=" " tag="010"><subfield code="a">sn 86001592 </subfield></datafield><datafield ind1=" " ind2=" " tag="040"><subfield code="a">LSL</subfield><subfield code="b">eng</subfield><subfield code="c">LSL</subfield><subfield code="d">NSD</subfield><subfield code="d">LHA</subfield><subfield code="d">OCLCF</subfield><subfield code="d">OCL</subfield><subfield code="d">OCLCO</subfield></datafield><datafield ind1=" " ind2=" " tag="012"><subfield code="l">1</subfield></datafield><datafield ind1="1" ind2=" " tag="022"><subfield code="a">0888-7586</subfield><subfield code="l">0888-7586</subfield><subfield code="2">1</subfield></datafield><datafield ind1=" " ind2=" " tag="037"><subfield code="b">Contraband, P.O. Box 1255, McNeese Station, Lake Charles, LA 70609</subfield></datafield><datafield ind1=" " ind2=" " tag="042"><subfield code="a">nsdp</subfield></datafield><datafield ind1=" " ind2=" " tag="043"><subfield code="a">n-us-la</subfield></datafield><datafield ind1=" " ind2=" " tag="092"><subfield code="a">378.763</subfield><subfield code="b">Con</subfield></datafield><datafield ind1=" " ind2="0" tag="222"><subfield code="a">Contraband</subfield></datafield><datafield ind1="0" ind2="0" tag="245"><subfield code="a">Contraband.</subfield></datafield><datafield ind1=" " ind2=" " tag="260"><subfield code="a">Lake Charles, La.,</subfield><subfield code="b">McNeese State University.</subfield></datafield><datafield ind1=" " ind2=" " tag="300"><subfield code="a">v.</subfield><subfield code="b">ill.</subfield><subfield code="c">39 cm.</subfield></datafield><datafield ind1=" " ind2=" " tag="310"><subfield code="a">Weekly</subfield></datafield><datafield ind1="0" ind2=" " tag="362"><subfield code="a">v. 1-  Sept. (?) 1939-</subfield></datafield><datafield ind1=" " ind2=" " tag="550"><subfield code="a">Issued 1939-1970 by University under earlier name, McNeese State College.</subfield></datafield><datafield ind1="2" ind2="0" tag="610"><subfield code="a">McNeese State University</subfield><subfield code="v">Periodicals.</subfield></datafield><datafield ind1="2" ind2="0" tag="610"><subfield code="a">McNeese State University</subfield><subfield code="x">Students</subfield><subfield code="v">Periodicals.</subfield></datafield><datafield ind1=" " ind2="0" tag="650"><subfield code="a">College students</subfield><subfield code="z">Louisiana</subfield><subfield code="z">Lake Charles</subfield><subfield code="v">Periodicals.</subfield></datafield><datafield ind1="2" ind2="7" tag="610"><subfield code="a">McNeese State University.</subfield><subfield code="2">fast</subfield><subfield code="0">(OCoLC)fst00587955</subfield></datafield><datafield ind1=" " ind2="7" tag="650"><subfield code="a">College students.</subfield><subfield code="2">fast</subfield><subfield code="0">(OCoLC)fst00867976</subfield></datafield><datafield ind1=" " ind2="7" tag="650"><subfield code="a">Students.</subfield><subfield code="2">fast</subfield><subfield code="0">(OCoLC)fst01136041</subfield></datafield><datafield ind1=" " ind2="7" tag="651"><subfield code="a">Louisiana</subfield><subfield code="z">Lake Charles.</subfield><subfield code="2">fast</subfield><subfield code="0">(OCoLC)fst01209444</subfield></datafield><datafield ind1=" " ind2="7" tag="655"><subfield code="a">Periodicals.</subfield><subfield code="2">fast</subfield><subfield code="0">(OCoLC)fst01411641</subfield></datafield><datafield ind1="2" ind2=" " tag="710"><subfield code="a">McNeese State University.</subfield></datafield><datafield ind1="2" ind2=" " tag="710"><subfield code="a">McNeese State College.</subfield></datafield><datafield ind1=" " ind2=" " tag="936"><subfield code="a">Apr. 29, 1986</subfield></datafield></record>